@article{Tischkicker,
	title = Table football - Wikipedia,
	webside = https://en.wikipedia.org/wiki/Table_football,
	date = 28.08.2019
}
