% This file was created with Citavi 5.0.0.11

@misc{Tischkicker,
	title = "Tischfu√üball - Wikipedia",
	howpublished = {\url{https://de.wikipedia.org/wiki/Tischfu%C3%9Fball}},
	note = {Zuletzt besucht: 02.01.2020}
}

@inbook{MLDefinition,
	author = "Rodrigo Fernandes de Mello \& Moacir Antonelli Ponti",
	title = "Defintion von Machine Learning",
	booktitle = "Machine Learning: A Practical Approach on the Statistical Learning Theory",
	year = "2018",
	pages = "1",
	publisher = "Springer"
}
	
@misc{Blender,
	title = "Blender - About",
	howpublished = {\url{https://www.blender.org/}},
	note = {Zuletzt besucht: 21.09.2020}
}
	
